@article{placeholder2025,
  title={Placeholder Reference},
  author={Doe, John},
  journal={ArXiv},
  year={2025}
}
